<?xml version="1.0" encoding="UTF-8"?><record xmlns="http://www.loc.gov/MARC21/slim" xmlns:cinclude="http://apache.org/cocoon/include/1.0" xmlns:zs="http://www.loc.gov/zing/srw/">
  <leader>00496nz  a2200145n  4500</leader>
  <controlfield tag="001">nr 99005101 </controlfield>
  <controlfield tag="003">DLC</controlfield>
  <controlfield tag="005">19990213051818.7</controlfield>
  <controlfield tag="008">990212n| acannaab|          |a aaa     c</controlfield>
  <datafield tag="010" ind1=" " ind2=" ">
    <subfield code="a">nr 99005101 </subfield>
  </datafield>
  <datafield tag="040" ind1=" " ind2=" ">
    <subfield code="a">NIC</subfield>
    <subfield code="c">NIC</subfield>
  </datafield>
  <datafield tag="100" ind1="0" ind2=" ">
    <subfield code="a">Fadelah A. A.</subfield>
    <subfield code="q">(Fadelah Abdul Aziz)</subfield>
  </datafield>
  <datafield tag="400" ind1="0" ind2=" ">
    <subfield code="a">Fadelah Abdul Aziz</subfield>
  </datafield>
  <datafield tag="400" ind1="1" ind2=" ">
    <subfield code="a">Fadelah, A. A.</subfield>
    <subfield code="q">(Abdul Aziz)</subfield>
  </datafield>
  <datafield tag="670" ind1=" " ind2=" ">
    <subfield code="a">Collection of orchid and ornamental plant species from Belum, Northern Perak, 1995:</subfield>
    <subfield code="b">t.p. (A.A. Fadelah; authors' full name: Fadelah Abdul Aziz)</subfield>
  </datafield>
</record>